<?xml version="1.0" encoding="UTF-8"?><collection xmlns="http://www.loc.gov/MARC21/slim"><record><leader>00501nam--2200169-i-4500</leader><controlfield tag="001">000015605</controlfield><controlfield tag="002">20161230</controlfield><controlfield tag="005">20161230201031</controlfield><controlfield tag="008">060222s1000------------r-----000-0-eng-d</controlfield><datafield ind1=" " ind2=" " tag="040"><subfield code="a">IFIN-HH</subfield></datafield><datafield ind1=" " ind2=" " tag="080"><subfield code="a">514.7:530.1</subfield></datafield><datafield ind1="1" ind2=" " tag="100"><subfield code="a">Sternberg, S</subfield></datafield><datafield ind1="1" ind2="0" tag="245"><subfield code="a">Mathematical physics studies. vol. 6. differential geometric methods in mathematical physics</subfield><subfield code="c">S. sternberg (ed.)</subfield></datafield><datafield ind1=" " ind2=" " tag="260"><subfield code="a">Dordrecht</subfield><subfield code="b">D.Reidel Publ.Co</subfield><subfield code="c">1984</subfield></datafield><datafield ind1=" " ind2=" " tag="300"><subfield code="a">VII+295P</subfield></datafield><datafield ind1=" " ind2=" " tag="852"><subfield code="a">72663</subfield><subfield code="c">53.02</subfield></datafield><datafield ind1=" " ind2=" " tag="CAT"><subfield code="a">Sys</subfield><subfield code="c">20151021</subfield><subfield code="h">154719</subfield></datafield></record></collection>